% This is a basic BIBTEX bibliography file
%
% you can cut and paste references from ADS (or write your own)
% and then include them in LaTeX documents
%

@ARTICLE{Wagner20,
       author = {{Wagner}, Kevin and {Stone}, Jordan and {Dong}, Ruobing and
         {Ertel}, Steve and {Apai}, Daniel and {Doelman}, David and {Bohn}, Alexand
        er and {Najita}, Joan and {Brittain}, Sean and {Kenworthy}, Matthew and
         {Keppler}, Miriam and {Webster}, Ryan and {Mailhot}, Emily and
         {Snik}, Frans},
        title = "{First Images of the Protoplanetary Disk Around PDS 201}",
      journal = {arXiv e-prints},
     keywords = {Astrophysics - Solar and Stellar Astrophysics, Astrophysics - Earth and Planetary Astrophysics},
         year = 2020,
        month = apr,
          eid = {arXiv:2004.06157},
        pages = {arXiv:2004.06157},
archivePrefix = {arXiv},
       eprint = {2004.06157},
 primaryClass = {astro-ph.SR},
       adsurl = {https://ui.adsabs.harvard.edu/abs/2020arXiv200406157W},
      adsnote = {Provided by the SAO/NASA Astrophysics Data System}
}

@ARTICLE{Kenworthy20,
       author = {{Kenworthy}, M.~A. and {Klaassen}, P.~D. and {Min}, M. and
         {van der Marel}, N. and {Bohn}, A.~J. and {Kama}, M. and {Triaud}, A. and
         {Hales}, A. and {Monkiewicz}, J. and {Scott}, E. and {Mamajek}, E.~E.},
        title = "{ALMA and NACO observations towards the young exoring transit system J1407 (V1400 Cen)}",
      journal = {\aap},
     keywords = {stars: pre-main sequence, submillimeter: planetary systems, planets and satellites: formation, protoplanetary disks, planet-disk interactions, planets and satellites: gaseous planets, Astrophysics - Earth and Planetary Astrophysics, Astrophysics - Astrophysics of Galaxies, Astrophysics - Solar and Stellar Astrophysics},
         year = 2020,
        month = jan,
       volume = {633},
          eid = {A115},
        pages = {A115},
          doi = {10.1051/0004-6361/201936141},
archivePrefix = {arXiv},
       eprint = {1912.03314},
 primaryClass = {astro-ph.EP},
       adsurl = {https://ui.adsabs.harvard.edu/abs/2020A&A...633A.115K},
      adsnote = {Provided by the SAO/NASA Astrophysics Data System}
}

@ARTICLE{2019ApJS..244...15M,
       author = {{Mellon}, Samuel N. and {Mamajek}, Eric E. and {Stuik}, Remko and
         {Zwintz}, Konstanze and {Kenworthy}, Matthew A. and
         {Talens}, Geert Jan J. and {Burggraaff}, Olivier and
         {Bailey}, John I., III and {Dorval}, Patrick and
         {Lomberg}, Blaine B.~D. and {Kuhn}, Rudi B. and {Ireland}, Michael J.},
        title = "{Bright Southern Variable Stars in the bRing Survey}",
      journal = {\apjs},
     keywords = {Variable stars, Multi-periodic variable stars, Long period variable stars, Short period variable stars, Eclipsing binary stars, Ellipsoidal variable stars, Astrophysics - Solar and Stellar Astrophysics},
         year = 2019,
        month = sep,
       volume = {244},
       number = {1},
          eid = {15},
        pages = {15},
          doi = {10.3847/1538-4365/ab3662},
archivePrefix = {arXiv},
       eprint = {1907.11927},
 primaryClass = {astro-ph.SR},
       adsurl = {https://ui.adsabs.harvard.edu/abs/2019ApJS..244...15M},
      adsnote = {Provided by the SAO/NASA Astrophysics Data System}
}



@article{Kenworthy12,
   author = {{Kenworthy}, M.~A.},
    title = "{Something I wrote for including in the basic.tex file}",
     year = 2012,
    month = apr,
}

@ARTICLE{Quanz10b,
   author = {{Quanz}, S.~P. and {Meyer}, M.~R. and {Kenworthy}, M.~A. and 
	{Girard}, J.~H.~V. and {Kasper}, M. and {Lagrange}, {A.-M.} and 
	{Apai}, D. and {Boccaletti}, A. and {Bonnefoy}, M. and {Chauvin}, G. and 
	{Hinz}, P.~M. and {Lenzen}, R.},
    title = "{First Results from Very Large Telescope NACO Apodizing Phase Plate: 4 {$\mu$}m Images of The Exoplanet {$\beta$} Pictoris b}",
  journal = {\apjl},
archivePrefix = "arXiv",
   eprint = {1009.0538},
 primaryClass = "astro-ph.SR",
 keywords = {planets and satellites: detection, planets and satellites: formation, stars: formation, stars: pre-main sequence},
     year = 2010,
    month = oct,
   volume = 722,
    pages = {L49-L53},
      doi = {10.1088/2041-8205/722/1/L49},
   adsurl = {http://adsabs.harvard.edu/abs/2010ApJ...722L..49Q},
  adsnote = {Provided by the SAO/NASA Astrophysics Data System}
}

@ARTICLE{Quanz10,
   author = {{Quanz}, S.~P. and {Meyer}, M.~R. and {Kenworthy}, M.~A. and 
	{Girard}, J.~H.~V. and {Kasper}, M. and {Lagrange}, {A.-M.} and 
	{Apai}, D. and {Boccaletti}, A. and {Bonnefoy}, M. and {Chauvin}, G. and 
	{Hinz}, P.~M. and {Lenzen}, R.},
    title = "{First Results from Very Large Telescope NACO Apodizing Phase Plate: 4 {$\mu$}m Images of The Exoplanet {$\beta$} Pictoris b}",
  journal = {\apjl},
archivePrefix = "arXiv",
   eprint = {1009.0538},
 primaryClass = "astro-ph.SR",
 keywords = {planets and satellites: detection, planets and satellites: formation, stars: formation, stars: pre-main sequence},
     year = 2010,
    month = oct,
   volume = 722,
    pages = {L49-L53},
      doi = {10.1088/2041-8205/722/1/L49},
   adsurl = {http://adsabs.harvard.edu/abs/2010ApJ...722L..49Q},
  adsnote = {Provided by the SAO/NASA Astrophysics Data System}
}

